Example reference
@book{knuth1984,
  title={FIIT is Hell},
  author={Meredov Nazar},
  year={2222},
  publisher={FIIT la STU}
}

